<record><leader>00000cas a22000007a 4500</leader><controlfield tag="001">13015785</controlfield><controlfield tag="008">860113d19781979utuwr ne      0    0eng d</controlfield><datafield ind1=" " ind2=" " tag="010"><subfield code="a">sn 86091048 </subfield></datafield><datafield ind1=" " ind2=" " tag="040"><subfield code="a">UNP</subfield><subfield code="b">eng</subfield><subfield code="c">UNP</subfield><subfield code="d">OCLCQ</subfield></datafield><datafield ind1=" " ind2=" " tag="042"><subfield code="a">msc</subfield></datafield><datafield ind1=" " ind2="4" tag="050"><subfield code="a">AN2.U8</subfield><subfield code="b">C65</subfield></datafield><datafield ind1="0" ind2="0" tag="245"><subfield code="a">Community catalyst.</subfield></datafield><datafield ind1=" " ind2=" " tag="260"><subfield code="a">South Ogden [Ogden], Utah :</subfield><subfield code="b">Stahle Publications,</subfield><subfield code="c">-1979.</subfield></datafield><datafield ind1=" " ind2=" " tag="300"><subfield code="a">v.</subfield></datafield><datafield ind1=" " ind2=" " tag="310"><subfield code="a">Weekly</subfield></datafield><datafield ind1="1" ind2=" " tag="362"><subfield code="a">Began in 1978.</subfield></datafield><datafield ind1="0" ind2=" " tag="362"><subfield code="a">-v. 2, no. 23 (Aug. 23, 1979).</subfield></datafield><datafield ind1=" " ind2=" " tag="500"><subfield code="a">"Community education newspaper."</subfield></datafield><datafield ind1=" " ind2=" " tag="588"><subfield code="a">Description based on: Vol. 1, no. 45 (Jan. 25, 1979).</subfield></datafield><datafield ind1=" " ind2=" " tag="752"><subfield code="a">United States</subfield><subfield code="b">Utah</subfield><subfield code="c">Weber</subfield><subfield code="d">Ogden.</subfield></datafield><datafield ind1="1" ind2=" " tag="029"><subfield code="a">AU@</subfield><subfield code="b">000023435710</subfield></datafield></record>